@article{garg2007faster,
  title={Faster and simpler algorithms for multicommodity flow and other fractional packing problems},
  author={Garg, Naveen and Koenemann, Jochen},
  journal={SIAM Journal on Computing},
  volume={37},
  number={2},
  pages={630--652},
  year={2007},
  publisher={SIAM}
}

@article{garg2007faster,
  title={Faster and simpler algorithms for multicommodity flow and other fractional packing problems},
  author={Garg, Naveen and Koenemann, Jochen},
  journal={SIAM Journal on Computing},
  volume={37},
  number={2},
  pages={630--652},
  year={2007},
  publisher={SIAM}


@article{plotkin1995fast,
  title={Fast approximation algorithms for fractional packing and covering problems},
  author={Plotkin, Serge A and Shmoys, David B and Tardos, {\'E}va},
  journal={Mathematics of Operations Research},
  volume={20},
  number={2},
  pages={257--301},
  year={1995},
  publisher={INFORMS}
}